@book{Alonso2021,
	author = {Jason Sanchez},
	title = {Purdue Pharma's Deceptive Research Misconduct: The Importance of the Use of Independent, Transparent, Current Research},
	date = {2021},
	editor = {Columbia University},
	doi = {10.7916/vib.v7i.778},
	url = {https://www.researchgate.net/publication/366234628_Purdue_Pharma's_Deceptive_Research_Misconduct_The_Importance_of_the_Use_of_Independent_Transparent_Current_Research},
}
