@online{buzzfeednews2018,
	author = {Stephanie M. Lee},
	title = {The Seven Biggest Lies Theranos Told},
	date = {2018},
	url = {https://www.buzzfeednews.com/article/stephaniemlee/theranos-elizabeth-holmes-sec-charges},
}
