@online{CBSnewsPurduePharma,
	author = {CBS},
	title = {Purdue Pharma continued deceptive sales practices for OxyContin after 2007, whistleblower says},
	date = {2018},
	url = {https://www.cbsnews.com/news/oxycontin-purdue-whistleblower-says-drug-maker-continued-deceptive-sales-practices},
	urldate = {Mar 30, 2025},
}
