@article{China4Pests,
author = {Jemimah Steinfeld},
title ={Chinaâ€™s deadly science lesson: How an ill-conceived campaign against sparrows contributed to one of the worst famines in history},

journal = {Index on Censorship},
volume = {47},
number = {3},
pages = {49-49},
year = {2018},
doi = {10.1177/0306422018800259},

URL = { 
    
        https://doi.org/10.1177/0306422018800259
    
    

},
eprint = { 
    
        https://doi.org/10.1177/0306422018800259
    
    

}

}
