@article{CobeyKelly2023,
	author = {Cobey, Kelly D et al.},
	title = {Epidemiological characteristics and prevalence rates of research reproducibility across disciplines: A scoping review of articles published in 2018-2019
	},
	journaltitle = {eLife vol. 12 e78518. 21 Jun. 2023},
	date = {2023},
}
