@article{Diethylstilbestrol2000,
author = {Herbst, A and Ulfelder, H and Poskanzer, D and Longo, L},
year = {2000},
month = {01},
pages = {1574-5},
title = {Adenocarcinoma of the vagina. Association of maternal stilbestrol therapy with tumor appearance in young women. 1971.},
volume = {181},
journal = {American journal of obstetrics and gynecology},
doi = {10.1016/S0002-9378(99)70411-4}
}
