@online{ehn2018,
	author = {Carey Gillam, Nathan Donley},
	title = {Carey Gillam and Nathan Donley: A story behind the Monsanto cancer trial â€” journal sits on retraction
	},
	date = {2018},
	url = {https://www.ehn.org/monsanto-science-ghostwriting--2597869694.html},
}
