@online{FenPhenNYT2002,
	author = {New York Times},
	title = {Fen-Phen Settlement Approved},
	date = {2002},
	url = {https://web.archive.org/web/20200126094621/https://www.nytimes.com/2002/01/11/business/fen-phen-settlement-approved.html},
}
