@article{Fitzpatrick2006,
	author = {Fitzpatrick},
	title = {The Cutter Incident: How America's First Polio Vaccine Led to a Growing Vaccine Crisis},
	journaltitle = {Journal of the Royal Society of Medicine},
	date = {2006},
}
