@article{FreedmanLeonardetal2015,
	author = {Freedman, Leonard P et al},
	title = {The Economics of Reproducibility in Preclinical Research},
	journaltitle = {PLoS biology vol. 13,6 e1002165.},
	date = {2015},
}
