@article{JAMA2003,
	author = {Chlebowski, Rowan T et al.},
	title = {Influence of estrogen plus progestin on breast cancer and mammography in healthy postmenopausal women: the Women's Health Initiative Randomized Trial.},
	journaltitle = {JAMA vol. 289,24},
	date = {2003},
}
