@online{justivegove-theranos,
	author = {justice.gov},
	title = {Theranos President Sentenced To More Than 12 Years For Fraud That Jeopardized Patient Health And Bilked Investors Of Millions},
	date = {2022},
	url = {https://www.justice.gov/usao-ndca/pr/theranos-president-sentenced-more-12-years-fraud-jeopardized-patient-health-and-bilked},
}
