@inproceedings{Krick1971,
author = {Gary L. Conrad},
title = {{Reconnaissance system performance prediction through image processing}},
volume = {1342},
booktitle = {Airborne Reconnaissance XIV},
editor = {Paul A. Henkel and Francis R. LaGesse and Wayne W. Schurter},
organization = {International Society for Optics and Photonics},
publisher = {SPIE},
pages = {138 -- 145},
year = {1990},
doi = {10.1117/12.23139},
URL = {https://doi.org/10.1117/12.23139}
}
