@online{mindthegap2020,
	author = {mindthegap.ngo},
	title = {CASE STUDY: Monsanto ghost-writing and funding scientific research},
	date = {2020},
	url = {https://www.mindthegap.ngo/harmful-strategies/distracting-obfuscating-stakeholders/manipulating-scientific-research/monsanto-ghost-writing-and-funding-scientific-research/},
}
