@ARTICLE{montecarlo2014,
  author={Haigh, Thomas and Priestley, Mark and Rope, Crispin},
  journal={IEEE Annals of the History of Computing}, 
  title={Los Alamos Bets on ENIAC: Nuclear Monte Carlo Simulations, 1947-1948}, 
  year={2014},
  volume={36},
  number={3},
  pages={42-63},
  keywords={Computers;History;Monte Carlo methods;Neutrons;Weapons;Programming;history of computing;ENIAC;John von Neumann;Klara von Neumann;Nick Metropolis;stored program concept;modern code paradigm;Los Alamos National Laboratory;Monte Carlo simulations},
  doi={10.1109/MAHC.2014.40}}
