@article{MonteCarloMethod1949,
author = {Nicholas Metropolis and S. Ulam and},
title = {The Monte Carlo Method},
journal = {Journal of the American Statistical Association},
volume = {44},
number = {247},
pages = {335--341},
year = {1949},
publisher = {ASA Website},
doi = {10.1080/01621459.1949.10483310},

    note ={PMID: 18139350},


URL = { 
    
    
        https://www.tandfonline.com/doi/abs/10.1080/01621459.1949.10483310
    

},
eprint = { 
    
    
        https://www.tandfonline.com/doi/pdf/10.1080/01621459.1949.10483310
    

}

}


