@article{Omenn1996EffectsOA,
  title={Effects of a combination of beta carotene and vitamin A on lung cancer and cardiovascular disease.},
  author={Gilbert S. Omenn and Gary E. Goodman and Gary E. Goodman and Mark Thornquist and John R. Balmes and Mark R. Cullen and Andrew G. Glass and James P. Keogh and Frank L. Meyskens and Barbara G. Valanis and James H. Williams and Scott Barnhart and Scott Barnhart and Samuel P. Hammar},
  journal={The New England journal of medicine},
  year={1996},
  volume={334 18},
  pages={
          1150-5
        },
  url={https://api.semanticscholar.org/CorpusID:29384015}
}