@book{Pace1995,
author = {Pace, Scott and Frost, Gerald and Lachow, Irving and Frelinger, David and Fossum, Donna and Wassem, Don and Pinto, Monica},
year = {1995},
month = {01},
pages = {},
title = {The Global Positioning System: Assessing National Policies},
isbn = {0-8330-2349-7},
doi = {10.7249/MR614}
}
