@online{PBSPurduePharma,
	author = {Patrice Taddonio},
	title = {Inside the “Aggressive” Marketing of OxyContin: Revisit Purdue Pharma’s Role in the Opioid Crisis},
	date = {May 30, 2018},
	url = {https://www.pbs.org/wgbh/frontline/article/inside-the-aggressive-marketing-of-oxycontin-revisit-purdue-pharmas-role-in-the-opioid-crisis/},
	urldate = {Mar 30, 2025},
}
