@book{Popper1963,
author = {Popper, Karl},
year = {1963},
month = {01},
pages = {},
title = {Conjectures and Refutations: The Growth of Scientific Knowledge},
volume = {15},
journal = {The Philosophical Quarterly},
doi = {10.2307/2551371}
}
