@ARTICLE{RiordanHoddeson1997,
  author={Kidwell, P.},
  journal={IEEE Annals of the History of Computing}, 
  title={Crystal fire: the birth of the information age}, 
  year={1999},
  volume={21},
  number={1},
  pages={78-78},
  keywords={Fires;Humans;Organisms;Dolphins;Books;History;Solid state circuits;Tides;Proteins;Debugging},
  doi={10.1109/MAHC.1999.759375}}
