@article{Semmelweis2006,
author = {Bencko, Vladimir and Schejbalova, Miriam},
year = {2006},
month = {02},
pages = {3-7},
title = {From Ignaz Semmelweis to the Present: Crucial Problems of Hospital Hygiene},
volume = {15},
journal = {Indoor and Built Environment - INDOOR BUILT ENVIRON},
doi = {10.1177/1420326X06062362}
},
