@book{Taleb2018,
	author = {N. N. Taleb},
	title = {Skin in the Game: Hidden Asymmetries in Daily Life},
	date = {2018},
	editor = {Random House},
}
