@book{Taleb2012,
	author = {N. N. Taleb},
	title = {Antifragile: Things That Gain From Disorder},
	date = {2012},
	editor = {Random House},
}
