@article{TobinMartin2022,
author = {Tobin, Martin},
year = {2022},
month = {05},
pages = {},
title = {Fiftieth Anniversary of Uncovering the Tuskegee Syphilis Study: The Story and Timeless Lessons},
volume = {205},
journal = {American Journal of Respiratory and Critical Care Medicine},
doi = {10.1164/rccm.202201-0136SO}
}
