@online{USvsHolmes2022,
	author = {justice.gov},
	title = {U.S. v. Elizabeth Holmes, et al.},
	date = {2022},
	url = {https://www.justice.gov/usao-ndca/us-v-elizabeth-holmes-et-al},
}
