@article{VarleyVarma2021,
author = {Emma Varley and Saiba Varma and},
title = {Introduction: medicineâ€™s shadowside: revisiting clinical iatrogenesis},
journal = {Anthropology \& Medicine},
volume = {28},
number = {2},
pages = {141--155},
year = {2021},
publisher = {Routledge},
doi = {10.1080/13648470.2021.1937514},

    note ={PMID: 34355978},


URL = { 
    
        https://doi.org/10.1080/13648470.2021.1937514
    
    

},
eprint = { 
    
        https://doi.org/10.1080/13648470.2021.1937514
    
    

}

}


