@article{WGMcbride,
author = {Mcbride, W.G.},
year = {1961},
month = {12},
pages = {1358},
title = {Thalidomide and Congenital Abnormalities},
volume = {278},
journal = {The Lancet},
doi = {10.1016/S0140-6736(61)90927-8}
}
