@book{Whirlwind1980,
	author = {Kent C Redmond},
	title = {Project Whirlwind: The history of a pioneer computer},
	date = {1980},
	publisher = {Digital Press; First Edition},
}
