@article{Wolff1997,
	author = {Wolff F. W.},
	title = {Valvular heart disease associated with fenfluramine-phentermine},
	journaltitle = {The New England journal of medicine},
	date = {1997},
}
